% This file was created with JabRef 2.8.1.
% Encoding: ISO8859_15

@ARTICLE{article,
  author = {articleAuthor},
  title = {articleTitle},
  journal = {articleJournal},
  year = {2012},
  date-added = {2012-09-11 10:59:15 +0000},
  date-modified = {2012-09-11 10:59:34 +0000}
}

@BOOK{book,
  title = {bookTitle},
  publisher = {Publisher},
  year = {2012},
  author = {bookAuthor},
  date-added = {2012-09-11 10:40:25 +0000},
  date-modified = {2012-09-11 10:59:00 +0000}
}

@BOOKLET{booklet,
  title = {bookletTitle},
  author = {bookletAuthor},
  year = {2012},
  date-added = {2012-09-11 11:02:22 +0000},
  date-modified = {2012-09-11 11:42:40 +0000},
  publisher = {publisher}
}

@CONFERENCE{conference,
  author = {conferenceAuthor},
  title = {conferenceTitle},
  booktitle = {conferenceBooktitle},
  year = {2012},
  date-added = {2012-09-11 11:02:06 +0000},
  date-modified = {2012-09-11 11:02:18 +0000}
}

@MASTERSTHESIS{dokumentation,
  author = {Malte Helmhold},
  title = {Dokumentation von \bibtex - wisenat.bst},
  school = {TU Dresden},
  year = {2012},
  type = {Dokumentation},
  owner = {Malte},
  timestamp = {2012.09.17}
}



@MISC{bitcom09,
  author = {Bitcom},
  title = {Cloud Computing - Evolution in der Technik, 
	
	Revolution im Business},
  year = {2009},
  note = {BITKOM-Leitfaden},
  lastchecked = {18.09.2012},
  owner = {Malte},
  timestamp = {2012.09.18},
  url = {http://www.bitkom.org/files/documents/BITKOM-Leitfaden-CloudComputing_Web.pdf}
}


@INBOOK{inbook,
  chapter = {1},
  title = {inbookTitle},
  year = {2012},
  author = {inbookAuthor},
  date-added = {2012-09-11 11:43:50 +0000},
  date-modified = {2012-09-11 11:59:23 +0000}
}

@INCOLLECTION{incollection,
  author = {incollectionAuthor},
  title = {incollectionTitle},
  booktitle = {bookTitle},
  publisher = {incollectionPublisher},
  year = {2012},
  pages = {Seiten 1 - 100},
  date-added = {2012-09-11 11:02:38 +0000},
  date-modified = {2012-09-11 11:59:13 +0000}
}

@INPROCEEDINGS{inproceedings,
  author = {inproceedingsAuthor},
  title = {inproceedingsTitle},
  booktitle = {bookTitle},
  year = {2012},
  date-added = {2012-09-11 11:03:04 +0000},
  date-modified = {2012-09-11 11:03:23 +0000}
}

@TECHREPORT{alphadin,
  author = {K.F.Lorenzen},
  title = {ALPHADIN.BST},
  institution = {HAW Hamburg},
  year = {2006},
  type = {Literatur Style nach DIN 1505},
  number = {1},
  note = {(Copyright 1994-2006)},
  edition = {1},
  owner = {Malte},
  timestamp = {2012.09.14}
}

@MASTERSTHESIS{magisterarbeit,
  author = {magisterAuthor},
  title = {Testarbeit},
  school = {Tu-Dresden},
  year = {2012},
  type = {Magisterarbeit},
  address = {Dresden},
  month = {September},
  owner = {Malte},
  timestamp = {2012.09.14}
}

@MANUAL{manual,
  title = {manualTitle},
  author = {manualAuthor},
  address = {Address(!)},
  edition = {manualEdition},
  year = {2012},
  date-added = {2012-09-11 11:03:27 +0000},
  date-modified = {2012-09-11 11:58:59 +0000}
}

@MASTERSTHESIS{master,
  author = {masterAuthor},
  title = {masterTitle},
  school = {Tu Dresden},
  year = {Year},
  owner = {Malte},
  timestamp = {2012.09.16}
}

@MISC{misc,
  author = {miscAuthor},
  title = {miscTitle},
  year = {2012},
  note = {special Publication},
  owner = {Malte},
  timestamp = {2012.09.14},
  type = {Special Publication}
}

@BOOK{mittelbach05,
  title = {Der LaTeX Begleiter},
  publisher = {Publisher},
  year = {2005},
  author = {Frank Mittelbach and M. Gossens and J. Braams},
  edition = {2. überarbeitete und erw. Auflage},
  owner = {Malte},
  timestamp = {2012.10.17}
}

@ARTICLE{severalAuthors,
  author = {Vorname1 Nachname1 and Vorname2 Nachname2},
  title = {articleTitle},
  journal = {articleJournal},
  year = {2012},
  owner = {Malte},
  timestamp = {2012.09.16}
}

@MISC{nist11,
  author = {NIST},
  title = {The NIST Definition of Cloud Computing},
  year = {2011},
  note = {Special Publication},
  institution = {Peter Mell, Timothy Grance},
  lastchecked = {13.09.2012},
  owner = {Malte Helmhold},
  timestamp = {2012.09.13},
  url = {http://csrc.nist.gov/publications/nistpubs/800-145/SP800-145.pdf}
}

@PHDTHESIS{phd,
  author = {phdAuthor},
  title = {phdTitle},
  school = {TU Dresden},
  year = {year},
  owner = {Malte},
  timestamp = {2012.09.16}
}

@TECHREPORT{techreport,
  author = {techreportAuthor},
  title = {techreportTitle},
  year = {Year},
  type = {techreportType},
  number = {techreportNumber},
  note = {techreportNote},
  owner = {Malte},
  timestamp = {2012.09.17}
}

@UNPUBLISHED{unpub,
  author = {unpubAuthor},
  title = {unpubTitle},
  year = {2012},
  owner = {Malte},
  timestamp = {2012.09.17}
}

@BOOKLET{url,
  title = {url},
  author = {urlAut.2},
  owner = {Malte},
  timestamp = {2012.09.16},
  url = {www.url.com}
}

@BOOKLET{url(booklet),
  title = {urlTitle(Booklet)},
  author = {urlAuthor},
  lastchecked = {12.09.2012},
  year = {2012},
  date-added = {2012-09-11 11:03:46 +0000},
  date-modified = {2012-09-11 11:56:54 +0000},
  url = {www.tu-dresden.de},
  urldate = {urldate}
}

@BOOKLET{entries,
  title = {BibTeX},
  author = {Wikipedia},
  owner = {Malte},
  timestamp = {2012.09.16},
  url = {http://de.wikipedia.org/wiki/BibTeX}
}

@PROCEEDINGS{proceedings,
  title = {proceedingsTitle},
  year = {year},
  editor = {proceedingsEditor},
  owner = {Malte},
  timestamp = {2012.09.16}
}

